@article{jean2018tile2vec,
  title={Tile2Vec: Unsupervised representation learning for remote sensing data},
  author={Jean, Neal and Wang, Sherrie and Azzari, George and Lobell, David and Ermon, Stefano},
  journal={arXiv preprint arXiv:1805.02855},
  year={2018}
}

@article{cohen1960coefficient,
	title={A coefficient of agreement for nominal scales},
	author={Cohen, Jacob},
	journal={Educational and psychological measurement},
	volume={20},
	number={1},
	pages={37--46},
	year={1960},
	publisher={Sage Publications Sage CA: Thousand Oaks, CA}
}

@article{russwurm2019end,
	title={End-to-end Learning for Early Classification of Time Series},
	author={Ru{\ss}wurm, Marc and Lef{\`e}vre, S{\'e}bastien and Courty, Nicolas and Emonet, R{\'e}mi and K{\"o}rner, Marco and Tavenard, Romain},
	journal={arXiv preprint arXiv:1901.10681},
	year={2019}
}

@article{lyu2016learning,
	title={Learning a transferable change rule from a recurrent neural network for land cover change detection},
	author={Lyu, Haobo and Lu, Hui and Mou, Lichao},
	journal={Remote Sensing},
	volume={8},
	number={6},
	pages={506},
	year={2016},
	publisher={Multidisciplinary Digital Publishing Institute}
}

@article{sharma2018land,
	title={Land cover classification from multi-temporal, multi-spectral remotely sensed imagery using patch-based recurrent neural networks},
	author={Sharma, Atharva and Liu, Xiuwen and Yang, Xiaojun},
	journal={Neural Networks},
	volume={105},
	pages={346--355},
	year={2018},
	publisher={Elsevier}
}

@article{Large1954,
	author = {Large, E C},
	doi = {10.1111/j.1365-3059.1954.tb00716.x},
	issn = {1365-3059},
	journal = {Plant Pathology},
	number = {4},
	pages = {128--129},
	publisher = {Blackwell Publishing Ltd},
	title = {Growth Stages in Cereals Illustration of the Feekes Scale},
	volume = {3},
	year = {1954}
}

@article{interdonato2019duplo,
	title={DuPLO: A DUal view Point deep Learning architecture for time series classificatiOn},
	author={Interdonato, Roberto and Ienco, Dino and Gaetano, Raffaele and Ose, Kenji},
	journal={ISPRS Journal of Photogrammetry and Remote Sensing},
	volume={149},
	pages={91--104},
	year={2019},
	publisher={Elsevier}
}

@techreport{Richter2010,
	author = {Richter, R. and Louis, J. and M{\"{u}}ller-Wilm, U.},
	file = {:home/marc/.local/share/data/Mendeley Ltd./Mendeley Desktop/Downloaded/Richter, Louis, M{\"{u}}ller-Wilm - 2010 - Sentinel-2 MSI—Level 2A Products Algorithm Theoretical Basis Document.pdf:pdf},
	institution = {Deutsches Zentrum f{\"{u}}r Luft- und Raumfahrt e.V. (DLR), VEGA Technologies SAS},
	keywords = {Volume B (ATCOR)},
	mendeley-tags = {Volume B (ATCOR)},
	title = {{Sentinel-2 MSI—Level 2A Products Algorithm Theoretical Basis Document.}},
	year = {2010}
}

@article{russwurm2018multi,
	title={Multi-temporal land cover classification with sequential recurrent encoders},
	author={Ru{\ss}wurm, Marc and K{\"o}rner, Marco},
	journal={ISPRS International Journal of Geo-Information},
	volume={7},
	number={4},
	pages={129},
	year={2018},
	publisher={Multidisciplinary Digital Publishing Institute}
}

@article{reichstein2019deep,
	title={Deep learning and process understanding for data-driven Earth system science},
	author={Reichstein, Markus and Camps-Valls, Gustau and Stevens, Bjorn and Jung, Martin and Denzler, Joachim and Carvalhais, Nuno and others},
	journal={Nature},
	volume={566},
	number={7743},
	pages={195},
	year={2019},
	publisher={Nature Publishing Group}
}

@article{2018cloudlstm,
	author = {{Ru{\ss}wurm}, M. and {K{\"o}rner}, M.},
	title = "{Convolutional LSTMs for Cloud-Robust Segmentation of Remote Sensing Imagery}",
	journal = {arXiv e-prints},
	archivePrefix = "arXiv",
	eprint = {1811.02471},
	primaryClass = "cs.CV",
	keywords = {Computer Science - Computer Vision and Pattern Recognition, Computer Science - Machine Learning, Statistics - Machine Learning},
	year = 2018,
	month = dec,
	adsurl = {http://adsabs.harvard.edu/abs/2018arXiv181102471R},
	adsnote = {Provided by the SAO/NASA Astrophysics Data System}
}

@article{zhu2017deep,
	title={Deep learning in remote sensing: A comprehensive review and list of resources},
	author={Zhu, Xiao Xiang and Tuia, Devis and Mou, Lichao and Xia, Gui-Song and Zhang, Liangpei and Xu, Feng and Fraundorfer, Friedrich},
	journal={IEEE Geoscience and Remote Sensing Magazine},
	volume={5},
	number={4},
	pages={8--36},
	year={2017},
	publisher={IEEE}
}

@article{gomez2016optical,
	title={Optical remotely sensed time series data for land cover classification: A review},
	author={G{\'o}mez, Cristina and White, Joanne C and Wulder, Michael A},
	journal={ISPRS Journal of Photogrammetry and Remote Sensing},
	volume={116},
	pages={55--72},
	year={2016},
	publisher={Elsevier}
}

@article{torbick2018fusion,
	title={Fusion of Moderate Resolution Earth Observations for Operational Crop Type Mapping},
	author={Torbick, Nathan and Huang, Xiaodong and Ziniti, Beth and Johnson, David and Masek, Jeff and Reba, Michele},
	journal={Remote Sensing},
	volume={10},
	number={7},
	pages={1058},
	year={2018},
	publisher={Multidisciplinary Digital Publishing Institute}
}

@article{chen2018mapping,
	title={Mapping croplands, cropping patterns, and crop types using MODIS time-series data},
	author={Chen, Yaoliang and Lu, Dengsheng and Moran, Emilio and Batistella, Mateus and Dutra, Luciano Vieira and Sanches, Ieda Del’Arco and da Silva, Ramon Felipe Bicudo and Huang, Jingfeng and Luiz, Alfredo Jos{\'e} Barreto and de Oliveira, Maria Antonia Falc{\~a}o},
	journal={International journal of applied earth observation and geoinformation},
	volume={69},
	pages={133--147},
	year={2018},
	publisher={Elsevier}
}

@article{ba2016layer,
	title={Layer normalization},
	author={Ba, Jimmy Lei and Kiros, Jamie Ryan and Hinton, Geoffrey E},
	journal={arXiv preprint arXiv:1607.06450},
	year={2016}
}

@inproceedings{russwurm2017temporal,
	title={Temporal vegetation modelling using long short-term memory networks for crop identification from medium-resolution multi-spectral satellite images},
	author={Ru{\ss}wurm, Marc and K{\"o}rner, Marco},
	booktitle={Proceedings of the IEEE Conference on Computer Vision and Pattern Recognition Workshops},
	pages={11--19},
	year={2017}
}

@article{hochreiter1997long,
	title={Long short-term memory},
	author={Hochreiter, Sepp and Schmidhuber, J{\"u}rgen},
	journal={Neural computation},
	volume={9},
	number={8},
	pages={1735--1780},
	year={1997},
	publisher={MIT Press}
}

@article{gorelick2017google,
	title={Google Earth Engine: Planetary-scale geospatial analysis for everyone},
	author={Gorelick, Noel and Hancher, Matt and Dixon, Mike and Ilyushchenko, Simon and Thau, David and Moore, Rebecca},
	journal={Remote Sensing of Environment},
	volume={202},
	pages={18--27},
	year={2017},
	publisher={Elsevier}
}

@book{Graves2012,
	abstract = {Recurrent neural networks are powerful sequence learners. They are able to incorporate context information in a flexible way, and are robust to lo- calised distortions of the input data. These properties make them well suited to sequence labelling, where input sequences are transcribed with streams of labels. Long short-term memory is an especially promising recurrent archi- tecture, able to bridge long time delays between relevant input and output events, and thereby access long range context. The aim of this thesis is to advance the state-of-the-art in supervised sequence labelling with recurrent networks in general, and long short-term memory in particular. Its two main contributions are (1) a new type of output layer that allows recurrent networks to be trained directly for sequence labelling tasks where the align- ment between the inputs and the labels is unknown, and (2) an extension of long short-term memory to multidimensional data, such as images and video sequences. Experimental results are presented on speech recognition, online and offline handwriting recognition, keyword spotting, image segmen- tation and image classification, demonstrating the advantages of advanced recurrent networks over other sequential algorithms, such as hidden Markov Models. ii},
	archivePrefix = {arXiv},
	arxivId = {arXiv:1308.0850v1},
	author = {Graves, Alex},
	doi = {10.1007/978-3-642-24797-2},
	eprint = {arXiv:1308.0850v1},
	isbn = {978-3-642-24796-5},
	issn = {01406736},
	pmid = {7491034},
	publisher = {Springer},
	title = {{Supervised Sequence Labelling with Recurrent Neural Networks}},
	url = {http://link.springer.com/10.1007/978-3-642-24797-2},
	volume = {385},
	year = {2012}
}

@article{kingma2014adam,
	title={Adam: A method for stochastic optimization},
	author={Kingma, Diederik P and Ba, Jimmy},
	journal={arXiv preprint arXiv:1412.6980},
	year={2014}
}

@inproceedings{Vaswani:transformer,
	title	= {Attention is All You Need},
	author	= {Ashish Vaswani and Noam Shazeer and Niki Parmar and Jakob Uszkoreit and Llion Jones and Aidan N. Gomez and Lukasz Kaiser and Illia Polosukhin},
	year	= {2017}}


@article{fleiss1969large,
	title={Large sample standard errors of kappa and weighted kappa.},
	author={Fleiss, Joseph L and Cohen, Jacob and Everitt, Brian S},
	journal={Psychological Bulletin},
	volume={72},
	number={5},
	pages={323},
	year={1969},
	publisher={American Psychological Association}
}

@inproceedings{bailly2016classification,
  title={Classification of MODIS time series with dense bag-of-temporal-SIFT-words: Application to cropland mapping in the Brazilian Amazon},
  author={Bailly, Adeline and Arvor, Damien and Chapel, Laetitia and Tavenard, Romain},
  booktitle={2016 IEEE International Geoscience and Remote Sensing Symposium (IGARSS)},
  pages={2300--2303},
  year={2016},
  organization={IEEE}
}

@inproceedings{bailly2015bag,
  title={Bag-of-temporal-sift-words for time series classification},
  author={Bailly, Adeline and Malinowski, Simon and Tavenard, Romain and Guyet, Thomas and Chapel, Laetitia},
  booktitle={ECML/PKDD workshop on advanced analytics and learning on temporal data},
  year={2015}
}

@inproceedings{bailly2015dense,
  title={Dense bag-of-temporal-sift-words for time series classification},
  author={Bailly, Adeline and Malinowski, Simon and Tavenard, Romain and Chapel, Laetitia and Guyet, Thomas},
  booktitle={International Workshop on Advanced Analysis and Learning on Temporal Data},
  pages={17--30},
  year={2015},
  organization={Springer}
}

@article{xing2012early,
  title={Early classification on time series},
  author={Xing, Zhengzheng and Pei, Jian and Philip, S Yu},
  journal={Knowledge and information systems},
  volume={31},
  number={1},
  pages={105--127},
  year={2012},
  publisher={Springer}
}



@inproceedings{hatami2013classifiers,
  title={Classifiers with a reject option for early time-series classification},
  author={Hatami, Nima and Chira, Camelia},
  booktitle={Computational Intelligence and Ensemble Learning (CIEL), 2013 IEEE Symposium on},
  pages={9--16},
  year={2013},
  organization={IEEE}
}

@article{parrish2013classifying,
  title={Classifying with confidence from incomplete information},
  author={Parrish, Nathan and Anderson, Hyrum S and Gupta, Maya R and Hsiao, Dun Yu},
  journal={The Journal of Machine Learning Research},
  volume={14},
  number={1},
  pages={3561--3589},
  year={2013},
  publisher={JMLR. org}
}

@inproceedings{xing2011extracting,
  title={Extracting interpretable features for early classification on time series},
  author={Xing, Zhengzheng and Pei, Jian and Yu, Philip S and Wang, Ke},
  booktitle={Proceedings of the 2011 SIAM International Conference on Data Mining},
  pages={247--258},
  year={2011},
  organization={SIAM}
}


@inproceedings{dachraoui2015early,
	title={Early classification of time series as a non myopic sequential decision making problem},
	author={Dachraoui, Asma and Bondu, Alexis and Cornu{\'e}jols, Antoine},
	booktitle={Joint European Conference on Machine Learning and Knowledge Discovery in Databases},
	pages={433--447},
	year={2015},
	organization={Springer}
}

@inproceedings{tavenard2016cost,
	title={Cost-aware early classification of time series},
	author={Tavenard, Romain and Malinowski, Simon},
	booktitle={Joint European Conference on Machine Learning and Knowledge Discovery in Databases},
	pages={632--647},
	year={2016},
	organization={Springer}
}

@article{mori2017early,
  title={Early classification of time series by simultaneously optimizing the accuracy and earliness},
  author={Mori, Usue and Mendiburu, Alexander and Dasgupta, Sanjoy and Lozano, Jose A},
  journal={IEEE Transactions on Neural Networks and Learning Systems},
  year={2017},
  publisher={IEEE}
}


@article{tobler1970computer,
	title={A computer movie simulating urban growth in the Detroit region},
	author={Tobler, Waldo R},
	journal={Economic geography},
	volume={46},
	pages={234--240},
	year={1970},
	publisher={Taylor \& Francis}
}

@article{pelletier2019,
	title={Temporal Convolutional Neural Network for the Classification of Satellite Image Time Series},
	author={Pelletier, Charlotte and Webb, Geoffrey I and Petitjean, Francois},
	journal={Remote Sensing},
	year={2019},
	volume={11},
	number={5},
	publisher={MDPI}
}